@misc{website:HCI,
      author = "University of Wisconsin-Madison",
      title = "{Human-Computer Interaction Laboratory}",
      year = 2010,
      url = "http://hci.cs.wisc.edu/"
}